<?xml version="1.0" encoding="UTF-8"?><collection xmlns="http://www.loc.gov/MARC21/slim"><record><leader>00431nam--2200121-i-4500</leader><controlfield tag="001">000025756</controlfield><controlfield tag="002">20161230</controlfield><controlfield tag="005">20161230201036</controlfield><controlfield tag="008">060222s1000------------r-----000-0-eng-d</controlfield><datafield ind1=" " ind2=" " tag="080"><subfield code="a">061.6</subfield></datafield><datafield ind1=" " ind2=" " tag="245"><subfield code="a">Kfa. kernforschungsanlage julich des landes nordrhein-westfalen-e.v. third united nations international conference on the peaceful uses of atomic energy, geneva 1964</subfield></datafield><datafield ind1=" " ind2=" " tag="260"><subfield code="a">Julich, Kernforschungsanlage, 1964, 68p</subfield></datafield><datafield ind1=" " ind2=" " tag="852"><subfield code="a">29675</subfield></datafield></record></collection>